@manual{百度百科,
    author="百度百科",
    title="特里斯坦与伊索尔德",
    year="2015",
    publisher="百度百科"

}
@book{麦耶尔,
    author="麦耶尔",
    title="瓦格纳",
    year="1987",
    publisher="三联书店"
    
}
@book{余志刚,
    author="余志刚",
    title="西方音乐简史",
    year="2006",
    publisher="高等教育出版社"
}
@booklet{瓦格纳书信集,
    title="瓦格纳书信集",
    year="1927",
    publisher="都顿公司"
}
@mastersthesis{杨玲玲,
    author="杨玲玲",
    title="从《特里斯坦与伊索尔德》探索瓦格纳",
    school="西安音乐学院",
    year="2005"
    

}
